@article{bbm-001,
  title={A logic-based diagram of signalling pathways central to macrophage activation},
  author={Raza, Sobia and Robertson, Kevin A and Lacaze, Paul A and Page, David and Enright, Anton J and Ghazal, Peter and Freeman, Tom C},
  journal={BMC systems biology},
  volume={2},
  number={1},
  pages={1--15},
  year={2008},
  publisher={Springer}
}