@article{bbm-199,
  title={Translocating proteins compartment-specifically alter the fate of epithelial-mesenchymal transition in a compartmentalized Boolean network model},
  author={Mendik, P{\'e}ter and Kerest{\'e}ly, M{\'a}rk and Kamp, Sebesty{\'e}n and Deritei, D{\'a}vid and Kun{\v{s}}i{\v{c}}, Nina and Vassy, Zsolt and Csermely, P{\'e}ter and Veres, Daniel V},
  journal={npj Systems Biology and Applications},
  volume={8},
  number={1},
  pages={1--11},
  year={2022},
  publisher={Nature Publishing Group}
}