@article{bbm-225,
  title={Integrated network model provides new insights into castration-resistant prostate cancer},
  author={Hu, Yanling and Gu, Yinmin and Wang, Huimin and Huang, Yuanjie and Zou, Yi Ming},
  journal={scientific Reports},
  volume={5},
  number={1},
  pages={17280},
  year={2015},
  publisher={Nature Publishing Group UK London}
}