@article{bbm-192,
  title={Segmenting the fly embryo: logical analysis of the role of the segment polarity cross-regulatory module},
  author={S{\'a}nchez, Lucas and Chaouiya, Claudine and Thieffry, Denis},
  journal={International journal of developmental biology},
  volume={52},
  number={8},
  pages={1059--1075},
  year={2002},
  publisher={UPV/EHU Press}
}
