@article{bbm-144,
  title={Network reconstruction and validation of the Snf1/AMPK pathway in bakerâ€™s yeast based on a comprehensive literature review},
  author={Lubitz, Timo and Welkenhuysen, Niek and Shashkova, Sviatlana and Bendrioua, Loubna and Hohmann, Stefan and Klipp, Edda and Krantz, Marcus},
  journal={NPJ systems biology and applications},
  volume={1},
  number={1},
  pages={1--10},
  year={2015},
  publisher={Nature Publishing Group}
}