@article{bbm-002,
  title={Emergent decision-making in biological signal transduction networks},
  author={Helikar, Tom{\'a}{\v{s}} and Konvalina, John and Heidel, Jack and Rogers, Jim A},
  journal={Proceedings of the National Academy of Sciences},
  volume={105},
  number={6},
  pages={1913--1918},
  year={2008},
  publisher={National Acad Sciences}
}