@article{bbm-175,
  title={Deciphering and modelling the TGF-$\beta$ signalling interplays specifying the dorsal-ventral axis of the sea urchin embryo},
  author={Floc'Hlay, Swann and Molina, Maria Dolores and Hernandez, C{\'e}line and Haillot, Emmanuel and Thomas-Chollier, Morgane and Lepage, Thierry and Thieffry, Denis},
  journal={Development},
  volume={148},
  number={2},
  pages={dev189944},
  year={2021},
  publisher={The Company of Biologists Ltd}
}
