@article{bbm-178,
  title={Computational modeling of the main signaling pathways involved in mast cell activation},
  author={Niarakis, Anna and Bounab, Yacine and Grieco, Luca and Roncagalli, Romain and Hesse, Anne-Marie and Garin, J{\'e}r{\^o}me and Malissen, Bernard and Da{\"e}ron, Marc and Thieffry, Denis},
  journal={Fc Receptors},
  pages={69--93},
  year={2014},
  publisher={Springer}
}
