@article{bbm-058,
  title={A dynamic gene regulatory network model that recovers the cyclic behavior of Arabidopsis thaliana cell cycle},
  author={Ortiz-Guti{\'e}rrez, Elizabeth and Garc{\'\i}a-Cruz, Karla and Azpeitia, Eugenio and Castillo, Aaron and S{\'a}nchez, Mar{\'\i}a de la Paz and {\'A}lvarez-Buylla, Elena R},
  journal={PLoS computational biology},
  volume={11},
  number={9},
  pages={e1004486},
  year={2015},
  publisher={Public Library of Science San Francisco, CA USA}
}