@article{bbm-097,
  title={Dynamical analysis of the regulatory network defining the dorsal--ventral boundary of the Drosophila wing imaginal disc},
  author={Gonz{\'a}lez, Aitor and Chaouiya, Claudine and Thieffry, Denis},
  journal={Genetics},
  volume={174},
  number={3},
  pages={1625--1634},
  year={2006},
  publisher={Oxford University Press}
}
