@article{bbm-140,
	title={A network modeling approach to elucidate drug resistance mechanisms and predict combinatorial drug treatments in breast cancer},
	author={G{\'o}mez Tejeda Za{\~n}udo, Jorge and Scaltriti, Maurizio and Albert, R{\'e}ka},
	journal={Cancer convergence},
	volume={1},
	number={1},
	pages={1--25},
	year={2017},
	publisher={Springer}
}