@article{bbm-098,
  title={Insights on TAM formation from a Boolean model of macrophage polarization based on in vitro studies},
  author={Marku, Malvina and Verstraete, Nina and Raynal, Flavien and Madrid-Menc{\'\i}a, Miguel and Domagala, Marcin and Fourni{\'e}, Jean-Jacques and Ysebaert, Lo{\"\i}c and Poupot, Mary and Pancaldi, Vera},
  journal={Cancers},
  volume={12},
  number={12},
  pages={3664},
  year={2020},
  publisher={MDPI}
}