@article{bbm-154,
  title={A network model for the control of the differentiation process in Th cells},
  author={Mendoza, Luis},
  journal={Biosystems},
  volume={84},
  number={2},
  pages={101--114},
  year={2006},
  publisher={Elsevier}
}
