@article{bbm-022,
  title={A network model to describe the terminal differentiation of B cells},
  author={M{\'e}ndez, Akram and Mendoza, Luis},
  journal={PLoS computational biology},
  volume={12},
  number={1},
  pages={e1004696},
  year={2016},
  publisher={Public Library of Science San Francisco, CA USA}
}