@article{bbm-076,
  title={A model of the onset of the senescence associated secretory phenotype after DNA damage induced senescence},
  author={Meyer, Patrick and Maity, Pallab and Burkovski, Andre and Schwab, Julian and M{\"u}ssel, Christoph and Singh, Karmveer and Ferreira, Filipa F and Krug, Linda and Maier, Harald J and Wlaschek, Meinhard and others},
  journal={PLoS computational biology},
  volume={13},
  number={12},
  pages={e1005741},
  year={2017},
  publisher={Public Library of Science San Francisco, CA USA}
}
