@article{bbm-053,
  title={Predicting variabilities in cardiac gene expression with a boolean network incorporating uncertainty},
  author={Grieb, Melanie and Burkovski, Andre and Str{\"a}ng, J Eric and Kraus, Johann M and Gro{\ss}, Alexander and Palm, G{\"u}nther and K{\"u}hl, Michael and Kestler, Hans A},
  journal={PLoS One},
  volume={10},
  number={7},
  pages={e0131832},
  year={2015},
  publisher={Public Library of Science San Francisco, CA USA}
}