@article{bbm-183,
  title={A Modeling Approach to Explain Mutually Exclusive and Co-Occurring Genetic Alterations in Bladder TumorigenesisMathematical Model of Bladder Tumorigenesis},
  author={Remy, Elisabeth and Rebouissou, Sandra and Chaouiya, Claudine and Zinovyev, Andrei and Radvanyi, Fran{\c{c}}ois and Calzone, Laurence},
  journal={Cancer research},
  volume={75},
  number={19},
  pages={4042--4052},
  year={2015},
  publisher={AACR}
}
