@article{bbm-139,
  title={Predicting network modules of cell cycle regulators using relative protein abundance statistics},
  author={Oguz, Cihan and Watson, Layne T and Baumann, William T and Tyson, John J},
  journal={BMC systems biology},
  volume={11},
  number={1},
  pages={1--24},
  year={2017},
  publisher={BioMed Central}
}
