@article{bbm-011,
  title={Predicting essential components of signal transduction networks: a dynamic model of guard cell abscisic acid signaling},
  author={Li, Song and Assmann, Sarah M and Albert, R{\'e}ka},
  journal={PLoS Biol},
  volume={4},
  number={10},
  pages={e312},
  year={2006},
  publisher={Public Library of Science}
}