@article{bbm-160,
  title={Interplay between SMAD2 and STAT5A is a critical determinant of IL-17A/IL-17F differential expression},
  author={Corral-Jara, Karla Fabiola and Chauvin, Camille and Abou-Jaoud{\'e}, Wassim and Grandclaudon, Maximilien and Naldi, Aur{\'e}lien and Soumelis, Vassili and Thieffry, Denis},
  journal={Molecular Biomedicine},
  volume={2},
  number={1},
  pages={1--16},
  year={2021},
  publisher={Springer}
}
