@article{bbm-153,
  title={Discrete dynamic network modeling of oncogenic signaling: Mechanistic insights for personalized treatment of cancer},
  author={Za{\~n}udo, Jorge GT and Steinway, Steven N and Albert, R{\'e}ka},
  journal={Current Opinion in Systems Biology},
  volume={9},
  pages={1--10},
  year={2018},
  publisher={Elsevier}
}
