@article{bbm-007,
  title={A Boolean model of the gene regulatory network underlying Mammalian cortical area development},
  author={Giacomantonio, Clare E and Goodhill, Geoffrey J},
  journal={PLoS Comput Biol},
  volume={6},
  number={9},
  pages={e1000936},
  year={2010},
  publisher={Public Library of Science}
}