@article{bbm-214,
  title={Applications of Boolean modeling to study the dynamics of a complex disease and therapeutics responses},
  author={Hemedan, Ahmed and Schneider, Reinhard and Ostaszewski, Marek},
  journal={bioRxiv},
  pages={2023--04},
  year={2023},
  publisher={Cold Spring Harbor Laboratory}
}