@article{bbm-100,
  title={Integrating patient-specific information into logic models of complex diseases: application to acute myeloid leukemia},
  author={Palma, Alessandro and Iannuccelli, Marta and Rozzo, Ilaria and Licata, Luana and Perfetto, Livia and Massacci, Giorgia and Castagnoli, Luisa and Cesareni, Gianni and Sacco, Francesca},
  journal={Journal of Personalized Medicine},
  volume={11},
  number={2},
  pages={117},
  year={2021},
  publisher={MDPI}
}