@article{bbm-006,
  title={Boolean approach to signalling pathway modelling in HGF-induced keratinocyte migration},
  author={Singh, Amit and Nascimento, Juliana M and Kowar, Silke and Busch, Hauke and Boerries, Melanie},
  journal={Bioinformatics},
  volume={28},
  number={18},
  pages={i495--i501},
  year={2012},
  publisher={Oxford University Press}
}