@article{bbm-106,
  title={A guard cell abscisic acid (ABA) network model that captures the stomatal resting state},
  author={Maheshwari, Parul and Assmann, Sarah M and Albert, Reka},
  journal={Frontiers in physiology},
  volume={11},
  pages={927},
  year={2020},
  publisher={Frontiers Media SA}
}