@article{bbm-068,
  title={Boolean modeling identifies Greatwall/MASTL as an important regulator in the AURKA network of neuroblastoma},
  author={Dahlhaus, Meike and Burkovski, Andre and Hertwig, Falk and Mussel, Christoph and Volland, Ruth and Fischer, Matthias and Debatin, Klaus-Michael and Kestler, Hans A and Beltinger, Christian},
  journal={Cancer letters},
  volume={371},
  number={1},
  pages={79--89},
  year={2016},
  publisher={Elsevier}
}
