@article{bbm-067,
  title={Bistability and Asynchrony in a Boolean Model of the L-arabinose Operon in Escherichia coli},
  author={Jenkins, Andy and Macauley, Matthew},
  journal={Bulletin of mathematical biology},
  volume={79},
  number={8},
  pages={1778--1795},
  year={2017},
  publisher={Springer}
}
