@article{bbm-095,
  title={Logical modelling of cell cycle control in eukaryotes: a comparative study},
  author={Faur{\'e}, Adrien and Thieffry, Denis},
  journal={Molecular BioSystems},
  volume={5},
  number={12},
  pages={1569--1581},
  year={2009},
  publisher={Royal Society of Chemistry}
}
