@article{bbm-179,
  title={Hybrid Epithelial--Mesenchymal Phenotypes Are Controlled by Microenvironmental FactorsMicroenvironment Driving EMT Plasticity},
  author={Selvaggio, Gianluca and Canato, Sara and Pawar, Archana and Monteiro, Pedro T and Guerreiro, Patr{\'\i}cia S and Br{\'a}s, M Manuela and Janody, Florence and Chaouiya, Claudine},
  journal={Cancer research},
  volume={80},
  number={11},
  pages={2407--2420},
  year={2020},
  publisher={AACR}
}
