@article{bbm-085,
  title={Network model of survival signaling in large granular lymphocyte leukemia},
  author={Zhang, Ranran and Shah, Mithun Vinod and Yang, Jun and Nyland, Susan B and Liu, Xin and Yun, Jong K and Albert, R{\'e}ka and Loughran Jr, Thomas P},
  journal={Proceedings of the National Academy of Sciences},
  volume={105},
  number={42},
  pages={16308--16313},
  year={2008},
  publisher={National Acad Sciences}
}
