@article{bbm-200,
	title={ATM/miR-34a-5p axis regulates a p21-dependent senescence-apoptosis switch in non-small cell lung cancer: a Boolean model of G1/S checkpoint regulation},
	author={Gupta, Shantanu and Silveira, Daner A and Mombach, Jos{\'e} Carlos M},
	journal={FEBS letters},
	volume={594},
	number={2},
	pages={227--239},
	year={2020},
	publisher={Wiley Online Library}
}