@article{bbm-069,
  title={Iron acquisition and oxidative stress response in Aspergillus fumigatus},
  author={Brandon, Madison and Howard, Brad and Lawrence, Christopher and Laubenbacher, Reinhard},
  journal={BMC systems biology},
  volume={9},
  number={1},
  pages={1--18},
  year={2015},
  publisher={Springer}
}
