@article{bbm-010,
  title={A boolean model of the cardiac gene regulatory network determining first and second heart field identity},
  author={Herrmann, Franziska and Gro{\ss}, Alexander and Zhou, Dao and Kestler, Hans A and K{\"u}hl, Michael},
  journal={PloS one},
  volume={7},
  number={10},
  pages={e46798},
  year={2012},
  publisher={Public Library of Science}
}