@article{cell-collective,
	title={The cell collective: toward an open and collaborative approach to systems biology},
	author={Helikar, Tom{\'a}{\v{s}} and Kowal, Bryan and McClenathan, Sean and Bruckner, Mitchell and Rowley, Thaine and Madrahimov, Alex and Wicks, Ben and Shrestha, Manish and Limbu, Kahani and Rogers, Jim A},
	journal={BMC systems biology},
	volume={6},
	number={1},
	pages={1--14},
	year={2012},
	publisher={Springer}
}

@article{ginsim,
	title={Logical modeling and analysis of cellular regulatory networks with ginsim 3.0},
	author={Naldi, Aur{\'e}lien and Hernandez, C{\'e}line and Abou-Jaoud{\'e}, Wassim and Monteiro, Pedro T and Chaouiya, Claudine and Thieffry, Denis},
	journal={Frontiers in physiology},
	volume={9},
	pages={646},
	year={2018},
	publisher={Frontiers}
}

@article{pyboolnet,
	title={{PyBoolNet}: a python package for the generation, analysis and visualization of boolean networks},
	author={Klarner, Hannes and Streck, Adam and Siebert, Heike},
	journal={Bioinformatics},
	volume={33},
	number={5},
	pages={770--772},
	year={2017},
	publisher={Oxford University Press}
}

@inproceedings{aeon,
	title={{AEON}: attractor bifurcation analysis of parametrised boolean networks},
	author={Bene{\v{s}}, Nikola and Brim, Lubo{\v{s}} and Kadlecaj, Jakub and Pastva, Samuel and {\v{S}}afr{\'a}nek, David},
	booktitle={International Conference on Computer Aided Verification},
	pages={569--581},
	year={2020},
	organization={Springer}
}

@article{sbml-qual,
	title={SBML qualitative models: a model representation format and infrastructure to foster interactions between qualitative modelling formalisms and tools},
	author={Chaouiya, Claudine and B{\'e}renguier, Duncan and Keating, Sarah M and Naldi, Aur{\'e}lien and Van Iersel, Martijn P and Rodriguez, Nicolas and Dr{\"a}ger, Andreas and B{\"u}chel, Finja and Cokelaer, Thomas and Kowal, Bryan and others},
	journal={BMC systems biology},
	volume={7},
	number={1},
	pages={1--15},
	year={2013},
	publisher={BioMed Central}
}

@article{bbm-001,
	title={A logic-based diagram of signalling pathways central to macrophage activation},
	author={Raza, Sobia and Robertson, Kevin A and Lacaze, Paul A and Page, David and Enright, Anton J and Ghazal, Peter and Freeman, Tom C},
	journal={BMC systems biology},
	volume={2},
	number={1},
	pages={1--15},
	year={2008},
	publisher={Springer}
}

@article{bbm-002,
	title={Emergent decision-making in biological signal transduction networks},
	author={Helikar, Tom{\'a}{\v{s}} and Konvalina, John and Heidel, Jack and Rogers, Jim A},
	journal={Proceedings of the National Academy of Sciences},
	volume={105},
	number={6},
	pages={1913--1918},
	year={2008},
	publisher={National Acad Sciences}
}

@article{bbm-003,
	title={Modeling ERBB receptor-regulated G1/S transition to find novel targets for de novo trastuzumab resistance},
	author={Sahin, {\"O}zg{\"u}r and Fr{\"o}hlich, Holger and L{\"o}bke, Christian and Korf, Ulrike and Burmester, Sara and Majety, Meher and Mattern, Jens and Schupp, Ingo and Chaouiya, Claudine and Thieffry, Denis and others},
	journal={BMC systems biology},
	volume={3},
	number={1},
	pages={1--20},
	year={2009},
	publisher={BioMed Central}
}

@article{bbm-004,
	title={A comprehensive, multi-scale dynamical model of ErbB receptor signal transduction in human mammary epithelial cells},
	author={Helikar, Tom{\'a}{\v{s}} and Kochi, Naomi and Kowal, Bryan and Dimri, Manjari and Naramura, Mayumi and Raja, Srikumar M and Band, Vimla and Band, Hamid and Rogers, Jim A},
	journal={PloS one},
	volume={8},
	number={4},
	pages={e61757},
	year={2013},
	publisher={Public Library of Science}
}

@article{bbm-005,
	title={A Boolean network model of the FA/BRCA pathway},
	author={Rodriguez, Alfredo and Sosa, David and Torres, Leda and Molina, Bertha and Frias, Sara and Mendoza, Luis},
	journal={Bioinformatics},
	volume={28},
	number={6},
	pages={858--866},
	year={2012},
	publisher={Oxford University Press}
}

@article{bbm-006,
	title={Boolean approach to signalling pathway modelling in HGF-induced keratinocyte migration},
	author={Singh, Amit and Nascimento, Juliana M and Kowar, Silke and Busch, Hauke and Boerries, Melanie},
	journal={Bioinformatics},
	volume={28},
	number={18},
	pages={i495--i501},
	year={2012},
	publisher={Oxford University Press}
}

@article{bbm-007,
	title={A Boolean model of the gene regulatory network underlying Mammalian cortical area development},
	author={Giacomantonio, Clare E and Goodhill, Geoffrey J},
	journal={PLoS Comput Biol},
	volume={6},
	number={9},
	pages={e1000936},
	year={2010},
	publisher={Public Library of Science}
}

@article{bbm-008,
	title={Mathematical modelling of cell-fate decision in response to death receptor engagement},
	author={Calzone, Laurence and Tournier, Laurent and Fourquet, Simon and Thieffry, Denis and Zhivotovsky, Boris and Barillot, Emmanuel and Zinovyev, Andrei},
	journal={PLoS Comput Biol},
	volume={6},
	number={3},
	pages={e1000702},
	year={2010},
	publisher={Public Library of Science}
}

@article{bbm-009,
	title={Boolean model of yeast apoptosis as a tool to study yeast and human apoptotic regulations},
	author={Kazemzadeh, Laleh and Cvijovic, Marija and Petranovic, Dina},
	journal={Frontiers in physiology},
	volume={3},
	pages={446},
	year={2012},
	publisher={Frontiers}
}

@article{bbm-010,
	title={A boolean model of the cardiac gene regulatory network determining first and second heart field identity},
	author={Herrmann, Franziska and Gro{\ss}, Alexander and Zhou, Dao and Kestler, Hans A and K{\"u}hl, Michael},
	journal={PloS one},
	volume={7},
	number={10},
	pages={e46798},
	year={2012},
	publisher={Public Library of Science}
}

@article{bbm-011,
	title={Predicting essential components of signal transduction networks: a dynamic model of guard cell abscisic acid signaling},
	author={Li, Song and Assmann, Sarah M and Albert, R{\'e}ka},
	journal={PLoS Biol},
	volume={4},
	number={10},
	pages={e312},
	year={2006},
	publisher={Public Library of Science}
}

@article{bbm-012,
	title={A logical model provides insights into {T cell} receptor signaling},
	author={Saez-Rodriguez, Julio and Simeoni, Luca and Lindquist, Jonathan A and Hemenway, Rebecca and Bommhardt, Ursula and Arndt, Boerge and Haus, Utz-Uwe and Weismantel, Robert and Gilles, Ernst D and Klamt, Steffen and others},
	journal={PLoS computational biology},
	volume={3},
	number={8},
	pages={e163},
	year={2007},
	publisher={Public Library of Science San Francisco, USA}
}

@article{bbm-013,
	title={Dynamical modeling of the cholesterol regulatory pathway with Boolean networks},
	author={Kervizic, Gwenael and Corcos, Laurent},
	journal={BMC systems biology},
	volume={2},
	number={1},
	pages={1--14},
	year={2008},
	publisher={Springer}
}

@article{bbm-014,
	title={Network model of survival signaling in large granular lymphocyte leukemia},
	author={Zhang, Ranran and Shah, Mithun Vinod and Yang, Jun and Nyland, Susan B and Liu, Xin and Yun, Jong K and Albert, R{\'e}ka and Loughran, Thomas P},
	journal={Proceedings of the National Academy of Sciences},
	volume={105},
	number={42},
	pages={16308--16313},
	year={2008},
	publisher={National Acad Sciences}
}

@article{bbm-015,
	title={Boolean network analysis of a neurotransmitter signaling pathway},
	author={Gupta, Simone and Bisht, Siddharth S and Kukreti, Ritushree and Jain, Sanjeev and Brahmachari, Samir K},
	journal={Journal of theoretical biology},
	volume={244},
	number={3},
	pages={463--469},
	year={2007},
	publisher={Elsevier}
}

@article{bbm-016-019,
	title={Large-scale network models of {IL-1} and {IL-6} signalling and their hepatocellular specification},
	author={Ryll, Anke and Samaga, Regina and Schaper, Fred and Alexopoulos, Leonidas G and Klamt, Steffen},
	journal={Molecular Biosystems},
	volume={7},
	number={12},
	pages={3253--3270},
	year={2011},
	publisher={Royal Society of Chemistry}
}

@article{bbm-017,
	title={The regulatory network that controls the differentiation of {T} lymphocytes},
	author={Mart{\'\i}nez-Sosa, Pablo and Mendoza, Luis},
	journal={Biosystems},
	volume={113},
	number={2},
	pages={96--103},
	year={2013},
	publisher={Elsevier}
}

@article{bbm-018,
	title={The logic of {EGFR/ErbB} signaling: theoretical properties and analysis of high-throughput data},
	author={Samaga, Regina and Saez-Rodriguez, Julio and Alexopoulos, Leonidas G and Sorger, Peter K and Klamt, Steffen},
	journal={PLoS computational biology},
	volume={5},
	number={8},
	pages={e1000438},
	year={2009},
	publisher={Public Library of Science San Francisco, USA}
}

@article{bbm-020,
	title={Boolean network-based analysis of the apoptosis network: irreversible apoptosis and stable surviving},
	author={Mai, Zhongxing and Liu, Haiyan},
	journal={Journal of theoretical biology},
	volume={259},
	number={4},
	pages={760--769},
	year={2009},
	publisher={Elsevier}
}

@article{bbm-021,
	title={Canalization and control in automata networks: body segmentation in Drosophila melanogaster},
	author={Marques-Pita, Manuel and Rocha, Luis M},
	journal={PloS one},
	volume={8},
	number={3},
	pages={e55946},
	year={2013},
	publisher={Public Library of Science San Francisco, USA}
}

@article{bbm-022,
	title={A network model to describe the terminal differentiation of B cells},
	author={M{\'e}ndez, Akram and Mendoza, Luis},
	journal={PLoS computational biology},
	volume={12},
	number={1},
	pages={e1004696},
	year={2016},
	publisher={Public Library of Science San Francisco, CA USA}
}

@article{bbm-023,
	title={Dynamical analysis of a generic {Boolean} model for the control of the mammalian cell cycle},
	author={Faur{\'e}, Adrien and Naldi, Aur{\'e}lien and Chaouiya, Claudine and Thieffry, Denis},
	journal={Bioinformatics},
	volume={22},
	number={14},
	pages={e124--e131},
	year={2006},
	publisher={Oxford University Press}
}

@article{bbm-024,
	title={Ergodic sets as cell phenotype of budding yeast cell cycle},
	author={Todd, Robert G and Helikar, Tom{\'a}{\v{s}}},
	year={2012},
	publisher={Public Library of Science San Francisco, USA}
}

@article{bbm-025,
	title={Dynamical and structural analysis of a {T} cell survival network identifies novel candidate therapeutic targets for large granular lymphocyte leukemia},
	author={Saadatpour, Assieh and Wang, Rui-Sheng and Liao, Aijun and Liu, Xin and Loughran, Thomas P and Albert, Istv{\'a}n and Albert, R{\'e}ka},
	journal={PLoS computational biology},
	volume={7},
	number={11},
	pages={e1002267},
	year={2011},
	publisher={Public Library of Science San Francisco, USA}
}

@article{bbm-026,
	title={Logical analysis of the budding yeast cell cycle},
	author={Irons, David J},
	journal={Journal of theoretical biology},
	volume={257},
	number={4},
	pages={543--559},
	year={2009},
	publisher={Elsevier}
}

@article{bbm-drosophila,
	title={Logical modelling of Drosophila signalling pathways},
	author={Mbodj, Abibatou and Junion, Guillaume and Brun, Christine and Furlong, Eileen EM and Thieffry, Denis},
	journal={Molecular BioSystems},
	volume={9},
	number={9},
	pages={2248--2258},
	year={2013},
	publisher={Royal Society of Chemistry}
}

@article{bbm-031,
	title={Global control of cell-cycle transcription by coupled {CDK} and network oscillators},
	author={Orlando, David A and Lin, Charles Y and Bernard, Allister and Wang, Jean Y and Socolar, Joshua ES and Iversen, Edwin S and Hartemink, Alexander J and Haase, Steven B},
	journal={Nature},
	volume={453},
	number={7197},
	pages={944--947},
	year={2008},
	publisher={Nature Publishing Group}
}

@article{bbm-032,
	title={A methodology for the structural and functional analysis of signaling and regulatory networks},
	author={Klamt, Steffen and Saez-Rodriguez, Julio and Lindquist, Jonathan A and Simeoni, Luca and Gilles, Ernst D},
	journal={BMC bioinformatics},
	volume={7},
	number={1},
	pages={1--26},
	year={2006},
	publisher={Springer}
}

@article{bbm-breast-cell-line,
	title={Boolean {ErbB} network reconstructions and perturbation simulations reveal individual drug response in different breast cancer cell lines},
	author={der Heyde, Silvia Von and Bender, Christian and Henjes, Frauke and Sonntag, Johanna and Korf, Ulrike and Beissbarth, Tim},
	journal={BMC systems biology},
	volume={8},
	number={1},
	pages={1--22},
	year={2014},
	publisher={Springer}
}

@article{bbm-039,
	title={A logical model of HIV-1 interactions with the T-cell activation signalling pathway},
	author={Oyeyemi, Oyebode J and Davies, Oluwafemi and Robertson, David L and Schwartz, Jean-Marc},
	journal={Bioinformatics},
	volume={31},
	number={7},
	pages={1075--1083},
	year={2015},
	publisher={Oxford University Press}
}

@article{bbm-040,
	title={A method for the generation of standardized qualitative dynamical systems of regulatory networks},
	author={Mendoza, Luis and Xenarios, Ioannis},
	journal={Theoretical Biology and Medical Modelling},
	volume={3},
	number={1},
	pages={1--18},
	year={2006},
	publisher={BioMed Central}
}