@article{bbm-105,
  title={Mathematical modelling of cell-fate decision in response to death receptor engagement},
  author={Calzone, Laurence and Tournier, Laurent and Fourquet, Simon and Thieffry, Denis and Zhivotovsky, Boris and Barillot, Emmanuel and Zinovyev, Andrei},
  journal={PLoS computational biology},
  volume={6},
  number={3},
  pages={e1000702},
  year={2010},
  publisher={Public Library of Science San Francisco, USA}
}
