@article{bbm-085,
  title={A Boolean Logical model for Reprogramming of Testes-derived male Germline Stem Cells into Germline pluripotent stem cells},
  author={Guttula, Praveen Kumar and Monteiro, Pedro T and Gupta, Mukesh Kumar},
  journal={Computer Methods and Programs in Biomedicine},
  volume={192},
  pages={105473},
  year={2020},
  publisher={Elsevier}
}