@article{bbm-009,
  title={Boolean model of yeast apoptosis as a tool to study yeast and human apoptotic regulations},
  author={Kazemzadeh, Laleh and Cvijovic, Marija and Petranovic, Dina},
  journal={Frontiers in physiology},
  volume={3},
  pages={446},
  year={2012},
  publisher={Frontiers}
}