@article{bbm-204,
	title={A logical network-based drug-screening platform for Alzheimerâ€™s disease representing pathological features of human brain organoids},
	author={Park, Jong-Chan and Jang, So-Yeong and Lee, Dongjoon and Lee, Jeongha and Kang, Uiryong and Chang, Hongjun and Kim, Haeng Jun and Han, Sun-Ho and Seo, Jinsoo and Choi, Murim and others},
	journal={Nature communications},
	volume={12},
	number={1},
	pages={1--13},
	year={2021},
	publisher={Nature Publishing Group}
}