@article{bbm-094,
  title={Gene regulatory network modeling of macrophage differentiation corroborates the continuum hypothesis of polarization states},
  author={Palma, Alessandro and Jarrah, Abdul Salam and Tieri, Paolo and Cesareni, Gianni and Castiglione, Filippo},
  journal={Frontiers in physiology},
  volume={9},
  pages={1659},
  year={2018},
  publisher={Frontiers Media SA}
}