@article{bbm-195,
  title={Computational verification of large logical modelsâ€”application to the prediction of T cell response to checkpoint inhibitors},
  author={Hernandez, C{\'e}line and Thomas-Chollier, Morgane and Naldi, Aur{\'e}lien and Thieffry, Denis},
  journal={Frontiers in physiology},
  volume={11},
  pages={558606},
  year={2020},
  publisher={Frontiers Media SA}
}
