@article{bbm-042,
  title={The TOL network of P seudomonas putida mt-2 processes multiple environmental inputs into a narrow response space},
  author={Silva-Rocha, Rafael and de Lorenzo, V{\'\i}ctor},
  journal={Environmental microbiology},
  volume={15},
  number={1},
  pages={271--286},
  year={2013},
  publisher={Wiley Online Library}
}