@article{bbm-208,
  title={A novel Boolean network inference strategy to model early hematopoiesis aging},
  author={L{\'e}onard H{\'e}rault and Mathilde Poplineau and Estelle Duprez and {\'E}lisabeth Remy},
  journal={Computational and Structural Biotechnology Journal},
  year={2022},
  volume={21},
  pages={21 - 33},
  url={https://api.semanticscholar.org/CorpusID:248672123}
}