@article{bbm-165,
  title={A discrete model of Drosophila eggshell patterning reveals cell-autonomous and juxtacrine effects},
  author={Faur{\'e}, Adrien and Vreede, Barbara MI and Sucena, {\'E}lio and Chaouiya, Claudine},
  journal={PLoS computational biology},
  volume={10},
  number={3},
  pages={e1003527},
  year={2014},
  publisher={Public Library of Science San Francisco, USA}
}
