@article{bbm-134,
  title={Inference of an integrative, executable network for Rheumatoid Arthritis combining data-driven machine learning approaches and a state-of-the-art mechanistic disease map},
  author={Miagoux, Quentin and Singh, Vidisha and de M{\'e}zquita, Dereck and Chaudru, Valerie and Elati, Mohamed and Petit-Teixeira, Elisabeth and Niarakis, Anna},
  journal={Journal of personalized medicine},
  volume={11},
  number={8},
  pages={785},
  year={2021},
  publisher={MDPI}
}