@article{bbm-220,
  title={Identification of Th1/Th2 regulatory switch to promote healing response during leishmaniasis: a computational approach},
  author={Ganguli, Piyali and Chowdhury, Saikat and Chowdhury, Shomeek and Sarkar, Ram Rup},
  journal={Eurasip Journal on Bioinformatics and Systems Biology},
  volume={2015},
  number={1},
  pages={1--19},
  year={2015},
  publisher={Springer}
}