@article{bbm-023,
  title={Dynamical analysis of a generic {Boolean} model for the control of the mammalian cell cycle},
  author={Faur{\'e}, Adrien and Naldi, Aur{\'e}lien and Chaouiya, Claudine and Thieffry, Denis},
  journal={Bioinformatics},
  volume={22},
  number={14},
  pages={e124--e131},
  year={2006},
  publisher={Oxford University Press}
}