@article{bbm-093,
  title={Modelling of Immune Checkpoint Network Explains Synergistic Effects of Combined Immune Checkpoint Inhibitor Therapy and the Impact of Cytokines in Patient Response},
  author={Kondratova, Maria and Barillot, Emmanuel and Zinovyev, Andrei and Calzone, Laurence},
  journal={Cancers},
  volume={12},
  number={12},
  pages={3600},
  year={2020},
  publisher={MDPI}
}
