@article{bbm-075,
  title={A systems pharmacology model for inflammatory bowel disease},
  author={Balbas-Martinez, Violeta and Ruiz-Cerd{\'a}, Leire and Irurzun-Arana, Itziar and Gonz{\'a}lez-Garc{\'\i}a, Ignacio and Vermeulen, An and G{\'o}mez-Mantilla, Jos{\'e} David and Troc{\'o}niz, I{\~n}aki F},
  journal={PloS one},
  volume={13},
  number={3},
  pages={e0192949},
  year={2018},
  publisher={Public Library of Science San Francisco, CA USA}
}
