@article{bbm-136,
  title={SBML qualitative models: a model representation format and infrastructure to foster interactions between qualitative modelling formalisms and tools},
  author={Chaouiya, Claudine and B{\'e}renguier, Duncan and Keating, Sarah M and Naldi, Aur{\'e}lien and Van Iersel, Martijn P and Rodriguez, Nicolas and Dr{\"a}ger, Andreas and B{\"u}chel, Finja and Cokelaer, Thomas and Kowal, Bryan and others},
  journal={BMC systems biology},
  volume={7},
  number={1},
  pages={1--15},
  year={2013},
  publisher={BioMed Central}
}
