@article{bbm-094,
  title={Modeling the pro-inflammatory tumor microenvironment in acute lymphoblastic leukemia predicts a breakdown of hematopoietic-mesenchymal communication networks},
  author={Enciso, Jennifer and Mayani, Hector and Mendoza, Luis and Pelayo, Rosana},
  journal={Frontiers in physiology},
  volume={7},
  pages={349},
  year={2016},
  publisher={Frontiers Media SA}
}
