@article{bbm-107,
  title={Logical analysis of the budding yeast cell cycle},
  author={Irons, David J},
  journal={Journal of theoretical biology},
  volume={257},
  number={4},
  pages={543--559},
  year={2009},
  publisher={Elsevier}
}
