@article{bbm-158,
  title={Dynamical behaviour of biological regulatory networksâ€”II. Immunity control in bacteriophage lambda},
  author={Thieffry, Denis and Thomas, Ren{\'e}},
  journal={Bulletin of mathematical biology},
  volume={57},
  number={2},
  pages={277--297},
  year={1995},
  publisher={Springer}
}
