@article{bbm-167,
  title={Qualitative dynamical modelling can formally explain mesoderm specification and predict novel developmental phenotypes},
  author={Mbodj, Abibatou and Gustafson, E Hilary and Ciglar, Lucia and Junion, Guillaume and Gonzalez, Aitor and Girardot, Charles and Perrin, Laurent and Furlong, Eileen EM and Thieffry, Denis},
  journal={PLoS computational biology},
  volume={12},
  number={9},
  pages={e1005073},
  year={2016},
  publisher={Public Library of Science San Francisco, CA USA}
}
