@mastersthesis{bbm-077, 
	title={Signaling pathway for butanol production in solventogenic clostridium bacteria}, 
	author={Musilov√°, Jana}, 
	school={Brno University of Technology},
	year={2019}
}
