@article{bbm-172,
  title={A logical analysis of the Drosophila gap-gene system},
  author={S{\'a}nchez, Lucas and Thieffry, Denis},
  journal={Journal of theoretical Biology},
  volume={211},
  number={2},
  pages={115--141},
  year={2001},
  publisher={Elsevier}
}
