@article{bbm-079,
  title={Attractor landscape analysis of colorectal tumorigenesis and its reversion},
  author={Cho, Sung-Hwan and Park, Sang-Min and Lee, Ho-Sung and Lee, Hwang-Yeol and Cho, Kwang-Hyun},
  journal={BMC systems biology},
  volume={10},
  number={1},
  pages={1--13},
  year={2016},
  publisher={Springer}
}