@article{bbm-210,
  title={Strategies to enhance logic modeling-based cell line-specific drug synergy prediction},
  author={Niederdorfer, Barbara and Tour{\'e}, Vasundra and Vazquez, Miguel and Thommesen, Liv and Kuiper, Martin and L{\ae}greid, Astrid and Flobak, {\AA}smund},
  journal={Frontiers in Physiology},
  pages={862},
  year={2020},
  publisher={Frontiers}
}
