@article{bbm-049,
  title={Boolean modeling and fault diagnosis in oxidative stress response},
  author={Sridharan, Sriram and Layek, Ritwik and Datta, Aniruddha and Venkatraj, Jijayanagaram},
  journal={BMC genomics},
  volume={13},
  number={6},
  pages={1--16},
  year={2012},
  publisher={BioMed Central}
}