@article{bbm-226,
  title={Boolean network modeling of $\beta$-cell apoptosis and insulin resistance in type 2 diabetes mellitus},
  author={Dutta, Pritha and Ma, Lichun and Ali, Yusuf and Sloot, Peter MA and Zheng, Jie},
  journal={BMC systems biology},
  volume={13},
  pages={1--12},
  year={2019},
  publisher={Springer}
}