@article{bbm-207,
	title={Data-Driven Modeling of Breast Cancer Tumors Using Boolean Networks},
	author={Sgariglia, Domenico and Conforte, Alessandra Jordano and Pedreira, Carlos Eduardo and de Carvalho, Luis Alfredo Vidal and Carneiro, Flavia Raquel Gon{\c{c}}alves and Carels, Nicolas and da Silva, Fabricio Alves Barbosa},
	journal={Frontiers in big Data},
	volume={4},
	year={2021},
	publisher={Frontiers Media SA}
}