@article{bbm-157,
  title={Model checking to assess T-helper cell plasticity},
  author={Abou-Jaoud{\'e}, Wassim and Monteiro, Pedro T and Naldi, Aur{\'e}lien and Grandclaudon, Maximilien and Soumelis, Vassili and Chaouiya, Claudine and Thieffry, Denis},
  journal={Frontiers in bioengineering and biotechnology},
  volume={2},
  pages={86},
  year={2015},
  publisher={Frontiers Media SA}
}
