@article{bbm-084,
  title={A new discrete dynamic model of ABA-induced stomatal closure predicts key feedback loops},
  author={Albert, R{\'e}ka and Acharya, Biswa R and Jeon, Byeong Wook and Za{\~n}udo, Jorge GT and Zhu, Mengmeng and Osman, Karim and Assmann, Sarah M},
  journal={PLoS biology},
  volume={15},
  number={9},
  pages={e2003451},
  year={2017},
  publisher={Public Library of Science}
}