@article{bbm-190,
  title={Personalized logical models to investigate cancer response to BRAF treatments in melanomas and colorectal cancers},
  author={B{\'e}al, Jonas and Pantolini, Lorenzo and No{\"e}l, Vincent and Barillot, Emmanuel and Calzone, Laurence},
  journal={PLOS Computational Biology},
  volume={17},
  number={1},
  pages={e1007900},
  year={2021},
  publisher={Public Library of Science San Francisco, CA USA}
}
