@article{bbm-005,
  title={A Boolean network model of the {FA/BRCA} pathway},
  author={Rodriguez, Alfredo and Sosa, David and Torres, Leda and Molina, Bertha and Frias, Sara and Mendoza, Luis},
  journal={Bioinformatics},
  volume={28},
  number={6},
  pages={858--866},
  year={2012},
  publisher={Oxford University Press}
}