@article{bbm-057,
  title={Fanconi anemia cells with unrepaired DNA damage activate components of the checkpoint recovery process},
  author={Rodr{\'\i}guez, Alfredo and Torres, Leda and Ju{\'a}rez, Ulises and Sosa, David and Azpeitia, Eugenio and Teresa, Benilde Garc{\'\i}a-de and Cort{\'e}s, Edith and Ort{\'\i}z, Roc{\'\i}o and Salazar, Ana M and Ostrosky-Wegman, Patricia and others},
  journal={Theoretical Biology and Medical Modelling},
  volume={12},
  number={1},
  pages={1--22},
  year={2015},
  publisher={Springer}
}