@article{bbm-018,
  title={The logic of {EGFR/ErbB} signaling: theoretical properties and analysis of high-throughput data},
  author={Samaga, Regina and Saez-Rodriguez, Julio and Alexopoulos, Leonidas G and Sorger, Peter K and Klamt, Steffen},
  journal={PLoS computational biology},
  volume={5},
  number={8},
  pages={e1000438},
  year={2009},
  publisher={Public Library of Science San Francisco, USA}
}