@article{bbm-048,
  title={Reconstruction and logical modeling of glucose repression signaling pathways in Saccharomyces cerevisiae},
  author={Christensen, Tobias S and Oliveira, Ana Paula and Nielsen, Jens},
  journal={BMC systems biology},
  volume={3},
  number={1},
  pages={1--15},
  year={2009},
  publisher={Springer}
}