@article{bbm-142,
  title={Reconstructing blood stem cell regulatory network models from single-cell molecular profiles},
  author={Hamey, Fiona K and Nestorowa, Sonia and Kinston, Sarah J and Kent, David G and Wilson, Nicola K and G{\"o}ttgens, Berthold},
  journal={Proceedings of the National Academy of Sciences},
  volume={114},
  number={23},
  pages={5822--5829},
  year={2017},
  publisher={National Acad Sciences}
}
