@article{bbm-202,
  title={A Boolean Model of the Proliferative Role of the lncRNA XIST in Non-Small Cell Lung Cancer Cells},
  author={Gupta, Shantanu and Silveira, Daner A and Hashimoto, Ronaldo F and Mombach, Jose Carlos M},
  journal={Biology},
  volume={11},
  number={4},
  pages={480},
  year={2022},
  publisher={MDPI}
}