@article{bbm-159,
  title={Modular logical modelling of the budding yeast cell cycle},
  author={Faur{\'e}, Adrien and Naldi, Aur{\'e}lien and Lopez, Fabrice and Chaouiya, Claudine and Ciliberto, Andrea and Thieffry, Denis},
  journal={Molecular BioSystems},
  volume={5},
  number={12},
  pages={1787--1796},
  year={2009},
  publisher={Royal Society of Chemistry}
}
