@article{bbm-107,
  title={Towards DNA-damage induced autophagy: A Boolean model of p53-induced cell fate mechanisms},
  author={Gupta, Shantanu and Silveira, Daner A and Mombach, Jos{\'e} Carlos M},
  journal={DNA repair},
  volume={96},
  pages={102971},
  year={2020},
  publisher={Elsevier}
}