@article{bbm-203,
  title={Dynamical modeling of miR-34a, miR-449a, and miR-16 reveals numerous DDR signaling pathways regulating senescence, autophagy, and apoptosis in HeLa cells},
  author={Gupta, Shantanu and Panda, Pritam Kumar and Hashimoto, Ronaldo F and Samal, Shailesh Kumar and Mishra, Suman and Verma, Suresh Kr and Mishra, Yogendra Kumar and Ahuja, Rajeev},
  journal={Scientific reports},
  volume={12},
  number={1},
  pages={1--13},
  year={2022},
  publisher={Nature Publishing Group}
}