@article{bbm-101,
	title={Boolink: a graphical interface for open access Boolean network simulations and use in guard cell CO2 signaling},
	author={Karanam, Aravind and He, David and Hsu, Po-Kai and Schulze, Sebastian and Dubeaux, Guillaume and Karmakar, Richa and Schroeder, Julian I and Rappel, Wouter-Jan},
	journal={Plant Physiology},
	volume={187},
	number={4},
	pages={2311--2322},
	year={2021},
	publisher={Oxford University Press}
}