@article{bbm-161,
  title={Logical modelling of in vitro differentiation of human monocytes into dendritic cells unravels novel transcriptional regulatory interactions},
  author={Nu{\~n}ez-Reza, Karen J and Naldi, Aur{\'e}lien and S{\'a}nchez-Jim{\'e}nez, Arantza and Leon-Apodaca, Ana V and Santana, M Ang{\'e}lica and Thomas-Chollier, Morgane and Thieffry, Denis and Medina-Rivera, Alejandra},
  journal={Interface Focus},
  volume={11},
  number={4},
  pages={20200061},
  year={2021},
  publisher={The Royal Society}
}
