@article{bbm-120,
  title={COVID-19 Disease Map, building a computational repository of SARS-CoV-2 virus-host interaction mechanisms},
  author={Ostaszewski, Marek and Mazein, Alexander and Gillespie, Marc E and Kuperstein, Inna and Niarakis, Anna and Hermjakob, Henning and Pico, Alexander R and Willighagen, Egon L and Evelo, Chris T and Hasenauer, Jan and others},
  journal={Scientific data},
  volume={7},
  number={1},
  pages={1--4},
  year={2020},
  publisher={Nature Publishing Group}
}
