@article{bbm-054,
  title={Boolean modeling reveals the necessity of transcriptional regulation for bistability in PC12 cell differentiation},
  author={Offermann, Barbara and Knauer, Steffen and Singh, Amit and Fern{\'a}ndez-Cach{\'o}n, Mar{\'\i}a L and Klose, Martin and Kowar, Silke and Busch, Hauke and Boerries, Melanie},
  journal={Frontiers in genetics},
  pages={44},
  year={2016},
  publisher={Frontiers}
}