@article{bbm-072,
  title={A dynamical model of the regulatory network controlling lymphopoiesis},
  author={Mendoza, Luis and M{\'e}ndez, Akram},
  journal={Biosystems},
  volume={137},
  pages={26--33},
  year={2015},
  publisher={Elsevier}
}
