@article{bbm-184,
  title={From structure to dynamics: frequency tuning in the p53--mdm2 network: I. logical approach},
  author={Abou-Jaoud{\'e}, Wassim and Ouattara, Djomangan A and Kaufman, Marcelle},
  journal={Journal of theoretical biology},
  volume={258},
  number={4},
  pages={561--577},
  year={2009},
  publisher={Elsevier}
}
