@article{bbm-176,
  title={Inflammation as a keystone of bone marrow stroma alterations in primary myelofibrosis},
  author={Desterke, Christophe and Martinaud, Christophe and Ruzehaji, Nadira and Bousse-Kerdil{\`e}s, Le and others},
  journal={Mediators of inflammation},
  volume={2015},
  year={2015},
  publisher={Hindawi}
}
