@article{bbm-087,
  title={Model-based characterization of inflammatory gene expression patterns of activated macrophages},
  author={Rex, Julia and Albrecht, Ute and Ehlting, Christian and Thomas, Maria and Zanger, Ulrich M and Sawodny, Oliver and H{\"a}ussinger, Dieter and Ederer, Michael and Feuer, Ronny and Bode, Johannes G},
  journal={PLoS computational biology},
  volume={12},
  number={7},
  pages={e1005018},
  year={2016},
  publisher={Public Library of Science San Francisco, CA USA}
}