@article{bbm-055,
  title={A Boolean network model of human gonadal sex determination},
  author={R{\'\i}os, Osiris and Frias, Sara and Rodr{\'\i}guez, Alfredo and Kofman, Susana and Merchant, Horacio and Torres, Leda and Mendoza, Luis},
  journal={Theoretical Biology and Medical Modelling},
  volume={12},
  number={1},
  pages={1--18},
  year={2015},
  publisher={BioMed Central}
}