@article{bbm-230,
  title={Host-pathogen systems biology: logical modelling of hepatocyte growth factor and Helicobacter pylori induced c-Met signal transduction},
  author={Franke, Raimo and M{\"u}ller, Melanie and Wundrack, Nicole and Gilles, Ernst-Dieter and Klamt, Steffen and K{\"a}hne, Thilo and Naumann, Michael},
  journal={BMC Systems Biology},
  volume={2},
  pages={1--17},
  year={2008},
  publisher={Springer}
}