@article{bbm-151,
  title={Contribution of ROS and metabolic status to neonatal and adult CD8+ T cell activation},
  author={S{\'a}nchez-Villanueva, Jos{\'e} Antonio and Rodr{\'\i}guez-Jorge, Otoniel and Ram{\'\i}rez-Pliego, Oscar and Rosas Salgado, Gabriela and Abou-Jaoud{\'e}, Wassim and Hernandez, C{\'e}line and Naldi, Aur{\'e}lien and Thieffry, Denis and Santana, Mar{\'\i}a Ang{\'e}lica},
  journal={PLoS One},
  volume={14},
  number={12},
  pages={e0226388},
  year={2019},
  publisher={Public Library of Science San Francisco, CA USA}
}
