@article{bbm-196,
  title={Logical modeling of cell fate specificationâ€”Application to T cell commitment},
  author={Cacace, Elisabetta and Collombet, Samuel and Thieffry, Denis},
  journal={Current Topics in Developmental Biology},
  volume={139},
  pages={205--238},
  year={2020},
  publisher={Elsevier}
}
