@article{bbm-227,
  title={Structural and logical analysis of a comprehensive hedgehog signaling pathway to identify alternative drug targets for glioma, colon and pancreatic cancer},
  author={Chowdhury, Saikat and Pradhan, Rachana N and Sarkar, Ram Rup},
  journal={PLoS One},
  volume={8},
  number={7},
  pages={e69132},
  year={2013},
  publisher={Public Library of Science San Francisco, USA}
}