@article{bbm-143,
	title={Cell Line--Specific Network Models of ER+ Breast Cancer Identify Potential PI3K$\alpha$ Inhibitor Resistance Mechanisms and Drug Combinations},
	author={G{\'o}mez Tejeda Za{\~n}udo, Jorge and Mao, Pingping and Alcon, Clara and Kowalski, Kailey and Johnson, Gabriela N and Xu, Guotai and Baselga, Jose and Scaltriti, Maurizio and Letai, Anthony and Montero, Joan and others},
	journal={Cancer research},
	volume={81},
	number={17},
	pages={4603--4617},
	year={2021},
	publisher={AACR}
}