@article{bbm-059,
  title={Logic-based and cellular pharmacodynamic modeling of bortezomib responses in U266 human myeloma cells},
  author={Chudasama, Vaishali L and Ovacik, Meric A and Abernethy, Darrell R and Mager, Donald E},
  journal={Journal of Pharmacology and Experimental Therapeutics},
  volume={354},
  number={3},
  pages={448--458},
  year={2015},
  publisher={ASPET}
}