@article{bbm-019,
  title={Large-scale network models of {IL-1} and {IL-6} signalling and their hepatocellular specification},
  author={Ryll, Anke and Samaga, Regina and Schaper, Fred and Alexopoulos, Leonidas G and Klamt, Steffen},
  journal={Molecular Biosystems},
  volume={7},
  number={12},
  pages={3253--3270},
  year={2011},
  publisher={Royal Society of Chemistry}
}