@article{bbm-062,
  title={A minimal regulatory network of extrinsic and intrinsic factors recovers observed patterns of CD4+ T cell differentiation and plasticity},
  author={Martinez-Sanchez, Mariana Esther and Mendoza, Luis and Villarreal, Carlos and Alvarez-Buylla, Elena R},
  journal={PLoS computational biology},
  volume={11},
  number={6},
  pages={e1004324},
  year={2015},
  publisher={Public Library of Science San Francisco, CA USA}
}
