@article{bbm-209,
	title={Boolean model of growth signaling, cell cycle and apoptosis predicts the molecular mechanism of aberrant cell cycle progression driven by hyperactive PI3K},
	author={Sizek, Herbert and Hamel, Andrew and Deritei, D{\'a}vid and Campbell, Sarah and Ravasz Regan, Erzs{\'e}bet},
	journal={PLoS computational biology},
	volume={15},
	number={3},
	pages={e1006402},
	year={2019},
	publisher={Public Library of Science San Francisco, CA USA}
}