@article{bbm-020,
  title={Boolean network-based analysis of the apoptosis network: irreversible apoptosis and stable surviving},
  author={Mai, Zhongxing and Liu, Haiyan},
  journal={Journal of theoretical biology},
  volume={259},
  number={4},
  pages={760--769},
  year={2009},
  publisher={Elsevier}
}