@article{bbm-021,
  title={Canalization and control in automata networks: body segmentation in Drosophila melanogaster},
  author={Marques-Pita, Manuel and Rocha, Luis M},
  journal={PloS one},
  volume={8},
  number={3},
  pages={e55946},
  year={2013},
  publisher={Public Library of Science San Francisco, USA}
}