@article{bbm-012,
  title={A logical model provides insights into {T cell} receptor signaling},
  author={Saez-Rodriguez, Julio and Simeoni, Luca and Lindquist, Jonathan A and Hemenway, Rebecca and Bommhardt, Ursula and Arndt, Boerge and Haus, Utz-Uwe and Weismantel, Robert and Gilles, Ernst D and Klamt, Steffen and others},
  journal={PLoS computational biology},
  volume={3},
  number={8},
  pages={e163},
  year={2007},
  publisher={Public Library of Science San Francisco, USA}
}