@article{bbm-066,
  title={The cell collective: toward an open and collaborative approach to systems biology},
  author={Helikar, Tom{\'a}{\v{s}} and Kowal, Bryan and McClenathan, Sean and Bruckner, Mitchell and Rowley, Thaine and Madrahimov, Alex and Wicks, Ben and Shrestha, Manish and Limbu, Kahani and Rogers, Jim A},
  journal={BMC systems biology},
  volume={6},
  number={1},
  pages={1--14},
  year={2012},
  publisher={BioMed Central}
}
