@article{bbm-056,
  title={Proteins interaction network and modeling of IGVH mutational status in chronic lymphocytic leukemia},
  author={{\'A}lvarez-Silva, Mar{\'\i}a Camila and Yepes, Sally and Torres, Maria Mercedes and Gonzalez Barrios, Andres Fernando},
  journal={Theoretical Biology and Medical Modelling},
  volume={12},
  number={1},
  pages={1--15},
  year={2015},
  publisher={BioMed Central}
}