@article{bbm-224,
  title={Network-based analysis of bortezomib pharmacodynamic heterogeneity in multiple myeloma cells},
  author={Ramakrishnan, Vidya and Mager, Donald E},
  journal={Journal of Pharmacology and Experimental Therapeutics},
  volume={365},
  number={3},
  pages={734--751},
  year={2018},
  publisher={ASPET}
}