@article{bbm-108,
  title={A comprehensive approach to the molecular determinants of lifespan using a Boolean model of geroconversion},
  author={Verlingue, Loic and Dugourd, Aur{\'e}lien and Stoll, Gautier and Barillot, Emmanuel and Calzone, Laurence and Londo{\~n}o-Vallejo, Arturo},
  journal={Aging cell},
  volume={15},
  number={6},
  pages={1018--1026},
  year={2016},
  publisher={Wiley Online Library}
}
