@article{bbm-004,
  title={A comprehensive, multi-scale dynamical model of ErbB receptor signal transduction in human mammary epithelial cells},
  author={Helikar, Tom{\'a}{\v{s}} and Kochi, Naomi and Kowal, Bryan and Dimri, Manjari and Naramura, Mayumi and Raja, Srikumar M and Band, Vimla and Band, Hamid and Rogers, Jim A},
  journal={PloS one},
  volume={8},
  number={4},
  pages={e61757},
  year={2013},
  publisher={Public Library of Science}
}