@article{bbm-050,
  title={Design, assessment, and in vivo evaluation of a computational model illustrating the role of CAV1 in CD4+ T-lymphocytes},
  author={Conroy, Brittany D and Herek, Tyler A and Shew, Timothy D and Latner, Matthew and Larson, Joshua J and Allen, Laura and Davis, Paul H and Helikar, Tom{\'a}{\v{s}} and Cutucache, Christine E},
  journal={Frontiers in immunology},
  volume={5},
  pages={599},
  year={2014},
  publisher={Frontiers}
}