@article{bbm-197,
  title={Logical modelling of the role of the Hh pathway in the patterning of the Drosophila wing disc},
  author={Gonz{\'a}lez, Aitor and Chaouiya, Claudine and Thieffry, Denis},
  journal={Bioinformatics},
  volume={24},
  number={16},
  pages={i234--i240},
  year={2008},
  publisher={Oxford University Press}
}
