@article{bbm-088,
  title={miR-9 controls the timing of neurogenesis through the direct inhibition of antagonistic factors},
  author={Coolen, Marion and Thieffry, Denis and Drivenes, {\O}yvind and Becker, Thomas S and Bally-Cuif, Laure},
  journal={Developmental cell},
  volume={22},
  number={5},
  pages={1052--1064},
  year={2012},
  publisher={Elsevier}
}
