@article{bbm-024,
  title={Ergodic Sets as Cell Phenotype of Budding Yeast Cell Cycle},
  author={Robert G. Todd and Tom{\'a}{\vs} Helikar},
  journal={PLoS ONE},
  year={2012},
  volume={7},
  url={https://api.semanticscholar.org/CorpusID:17537524}
}