@article{bbm-039,
  title={A logical model of HIV-1 interactions with the T-cell activation signalling pathway},
  author={Oyeyemi, Oyebode J and Davies, Oluwafemi and Robertson, David L and Schwartz, Jean-Marc},
  journal={Bioinformatics},
  volume={31},
  number={7},
  pages={1075--1083},
  year={2015},
  publisher={Oxford University Press}
}