@article{bbm-025,
  title={Dynamical and structural analysis of a {T} cell survival network identifies novel candidate therapeutic targets for large granular lymphocyte leukemia},
  author={Saadatpour, Assieh and Wang, Rui-Sheng and Liao, Aijun and Liu, Xin and Loughran, Thomas P and Albert, Istv{\'a}n and Albert, R{\'e}ka},
  journal={PLoS computational biology},
  volume={7},
  number={11},
  pages={e1002267},
  year={2011},
  publisher={Public Library of Science San Francisco, USA}
}