@article{bbm-051,
  title={Network modelling reveals the mechanism underlying colitis-associated colon cancer and identifies novel combinatorial anti-cancer targets},
  author={Lu, Junyan and Zeng, Hanlin and Liang, Zhongjie and Chen, Limin and Zhang, Liyi and Zhang, Hao and Liu, Hong and Jiang, Hualiang and Shen, Bairong and Huang, Ming and others},
  journal={Scientific reports},
  volume={5},
  number={1},
  pages={1--15},
  year={2015},
  publisher={Nature Publishing Group}
}