@article{bbm-032,
  title={A methodology for the structural and functional analysis of signaling and regulatory networks},
  author={Klamt, Steffen and Saez-Rodriguez, Julio and Lindquist, Jonathan A and Simeoni, Luca and Gilles, Ernst D},
  journal={BMC bioinformatics},
  volume={7},
  number={1},
  pages={1--26},
  year={2006},
  publisher={Springer}
}