@article{bbm-201,
  title={Dynamical analysis of a boolean network model of the Oncogene role of lncRNA ANRIL and lncRNA UFC1 in non-small cell lung cancer},
  author={Gupta, Shantanu and Hashimoto, Ronaldo F},
  journal={Biomolecules},
  volume={12},
  number={3},
  pages={420},
  year={2022},
  publisher={MDPI}
}