@article{bbm-211,
  title={A middle-out modeling strategy to extend a colon cancer logical model improves drug synergy predictions in epithelial-derived cancer cell lines},
  author={Tsirvouli, Eirini and Tour{\'e}, Vasundra and Niederdorfer, Barbara and V{\'a}zquez, Miguel and Flobak, {\AA}smund and Kuiper, Martin},
  journal={Frontiers in molecular biosciences},
  volume={7},
  pages={502573},
  year={2020},
  publisher={Frontiers Media SA}
}
