@article{bbm-060,
  title={Analysis of a dynamic model of guard cell signaling reveals the stability of signal propagation},
  author={Gan, Xiao and Albert, R{\'e}ka},
  journal={BMC systems biology},
  volume={10},
  number={1},
  pages={1--14},
  year={2016},
  publisher={Springer}
}