@article{bbm-035,
  title={Boolean {ErbB} network reconstructions and perturbation simulations reveal individual drug response in different breast cancer cell lines},
  author={der Heyde, Silvia Von and Bender, Christian and Henjes, Frauke and Sonntag, Johanna and Korf, Ulrike and Beissbarth, Tim},
  journal={BMC systems biology},
  volume={8},
  number={1},
  pages={1--22},
  year={2014},
  publisher={Springer}
}