@article{bbm-041,
  title={Dynamics of influenza virus and human host interactions during infection and replication cycle},
  author={Madrahimov, Alex and Helikar, Tom{\'a}{\v{s}} and Kowal, Bryan and Lu, Guoqing and Rogers, Jim},
  journal={Bulletin of mathematical biology},
  volume={75},
  number={6},
  pages={988--1011},
  year={2013},
  publisher={Springer}
}