@incollection{bbm-110,
  title={Modeling asymmetric cell division in Caulobacter crescentus using a boolean logic approach},
  author={S{\'a}nchez-Osorio, Ismael and Hern{\'a}ndez-Mart{\'\i}nez, Carlos A and Mart{\'\i}nez-Antonio, Agustino},
  booktitle={Asymmetric Cell Division in Development, Differentiation and Cancer},
  pages={1--21},
  year={2017},
  publisher={Springer}
}
