@article{bbm-073,
  title={Logical modeling of lymphoid and myeloid cell specification and transdifferentiation},
  author={Collombet, Samuel and van Oevelen, Chris and Sardina Ortega, Jose Luis and Abou-Jaoud{\'e}, Wassim and Di Stefano, Bruno and Thomas-Chollier, Morgane and Graf, Thomas and Thieffry, Denis},
  journal={Proceedings of the National Academy of Sciences},
  volume={114},
  number={23},
  pages={5792--5799},
  year={2017},
  publisher={National Acad Sciences}
}
