@article{bbm-103,
  title={Modeling the Pancreatic Cancer Microenvironment in Search of Control Targets},
  author={Plaugher, Daniel and Murrugarra, David},
  journal={Bulletin of Mathematical Biology},
  volume={83},
  number={11},
  pages={1--26},
  year={2021},
  publisher={Springer}
}