@article{bbm-221,
  title={Understanding communication signals during mycobacterial latency through predicted genome-wide protein interactions and boolean modeling},
  author={Hegde, Shubhada R and Rajasingh, Hannah and Das, Chandrani and Mande, Sharmila S and Mande, Shekhar C},
  journal={PLoS One},
  volume={7},
  number={3},
  pages={e33893},
  year={2012},
  publisher={Public Library of Science San Francisco, USA}
}