@article{bbm-015,
  title={Boolean network analysis of a neurotransmitter signaling pathway},
  author={Gupta, Simone and Bisht, Siddharth S and Kukreti, Ritushree and Jain, Sanjeev and Brahmachari, Samir K},
  journal={Journal of theoretical biology},
  volume={244},
  number={3},
  pages={463--469},
  year={2007},
  publisher={Elsevier}
}