@article{bbm-063,
  title={Boolean models can explain bistability in the lac operon},
  author={Veliz-Cuba, Alan and Stigler, Brandilyn},
  journal={Journal of computational biology},
  volume={18},
  number={6},
  pages={783--794},
  year={2011},
  publisher={Mary Ann Liebert, Inc. 140 Huguenot Street, 3rd Floor New Rochelle, NY 10801 USA}
}
