@article{bbm-145,
  title={A systems-biological study on the identification of safe and effective molecular targets for the reduction of ultraviolet B-induced skin pigmentation},
  author={Lee, Ho-Sung and Goh, Myeong-Jin and Kim, Junil and Choi, Tae-Jun and Kwang Lee, Hae and Joo Na, Yong and Cho, Kwang-Hyun},
  journal={Scientific reports},
  volume={5},
  number={1},
  pages={1--11},
  year={2015},
  publisher={Nature Publishing Group}
}
