@article{bbm-106,
  title={Global control of cell-cycle transcription by coupled CDK and network oscillators},
  author={Orlando, David A and Lin, Charles Y and Bernard, Allister and Wang, Jean Y and Socolar, Joshua ES and Iversen, Edwin S and Hartemink, Alexander J and Haase, Steven B},
  journal={Nature},
  volume={453},
  number={7197},
  pages={944--947},
  year={2008},
  publisher={Nature Publishing Group}
}
