@article{bbm-156,
  title={Diversity and plasticity of Th cell types predicted from regulatory network modelling},
  author={Naldi, Aur{\'e}lien and Carneiro, Jorge and Chaouiya, Claudine and Thieffry, Denis},
  journal={PLoS computational biology},
  volume={6},
  number={9},
  pages={e1000912},
  year={2010},
  publisher={Public Library of Science San Francisco, USA}
}
