@article{bbm-064,
  title={Inference of network dynamics and metabolic interactions in the gut microbiome},
  author={Steinway, Steven N and Biggs, Matthew B and Loughran Jr, Thomas P and Papin, Jason A and Albert, Reka},
  journal={PLoS computational biology},
  volume={11},
  number={6},
  pages={e1004338},
  year={2015},
  publisher={Public Library of Science San Francisco, CA USA}
}
