@article{bbm-092,
  title={Integrative modelling of the influence of MAPK network on cancer cell fate decision},
  author={Grieco, Luca and Calzone, Laurence and Bernard-Pierrot, Isabelle and Radvanyi, Fran{\c{c}}ois and Kahn-Perles, Brigitte and Thieffry, Denis},
  journal={PLoS computational biology},
  volume={9},
  number={10},
  pages={e1003286},
  year={2013},
  publisher={Public Library of Science San Francisco, USA}
}
