@article{bbm-040,
  title={A method for the generation of standardized qualitative dynamical systems of regulatory networks},
  author={Mendoza, Luis and Xenarios, Ioannis},
  journal={Theoretical Biology and Medical Modelling},
  volume={3},
  number={1},
  pages={1--18},
  year={2006},
  publisher={BioMed Central}
}