@article{bbm-188,
  title={Primary sex determination of placental mammals: a modelling study uncovers dynamical developmental constraints in the formation of Sertoli and granulosa cells},
  author={S{\'a}nchez, Lucas and Chaouiya, Claudine},
  journal={BMC systems biology},
  volume={10},
  number={1},
  pages={1--11},
  year={2016},
  publisher={BioMed Central}
}
