@article{bbm-017,
  title={The regulatory network that controls the differentiation of {T} lymphocytes},
  author={Mart{\'\i}nez-Sosa, Pablo and Mendoza, Luis},
  journal={Biosystems},
  volume={113},
  number={2},
  pages={96--103},
  year={2013},
  publisher={Elsevier}
}