@article{bbm-212,
  title={Boolean models of the transport, synthesis, and metabolism of tryptophan in Escherichia Coli},
  author={Deal, Isadora and Macauley, Matthew and Davies, Robin},
  journal={arXiv preprint arXiv:2202.11182},
  year={2022}
}
