@article{bbm-013,
  title={Dynamical modeling of the cholesterol regulatory pathway with Boolean networks},
  author={Kervizic, Gwenael and Corcos, Laurent},
  journal={BMC systems biology},
  volume={2},
  number={1},
  pages={1--14},
  year={2008},
  publisher={Springer}
}