@article{bbm-206,
	title={Unraveling a tumor type-specific regulatory core underlying E2F1-mediated epithelial-mesenchymal transition to predict receptor protein signatures},
	author={Khan, Faiz M and Marquardt, Stephan and Gupta, Shailendra K and Knoll, Susanne and Schmitz, Ulf and Spitschak, Alf and Engelmann, David and Vera, Julio and Wolkenhauer, Olaf and P{\"u}tzer, Brigitte M},
	journal={Nature communications},
	volume={8},
	number={1},
	pages={1--15},
	year={2017},
	publisher={Nature Publishing Group}
}