@article{bbm-194,
  title={A network model for the specification of vulval precursor cells and cell fusion control in Caenorhabditis elegans},
  author={Weinstein, Nathan and Mendoza, Luis},
  journal={Frontiers in Genetics},
  volume={4},
  pages={112},
  year={2013},
  publisher={Frontiers Media SA}
}
