@article{bbm-083,
  title={Patient-specific Boolean models of signalling networks guide personalised treatments},
  author={Montagud, Arnau and B{\'e}al, Jonas and Tobalina, Luis and Traynard, Pauline and Subramanian, Vigneshwari and Szalai, Bence and Alf{\"o}ldi, R{\'o}bert and Pusk{\'a}s, L{\'a}szl{\'o} and Valencia, Alfonso and Barillot, Emmanuel and others},
  journal={Elife},
  volume={11},
  pages={e72626},
  year={2022},
  publisher={eLife Sciences Publications Limited}
}
