@article{bbm-133,
  title={Single-cell and coupled GRN models of cell patterning in the Arabidopsis thaliana root stem cell niche},
  author={Azpeitia, Eugenio and Ben{\'\i}tez, Mariana and Vega, Iliusi and Villarreal, Carlos and Alvarez-Buylla, Elena R},
  journal={BMC systems biology},
  volume={4},
  number={1},
  pages={1--19},
  year={2010},
  publisher={Springer}
}
