@article{bbm-071,
  title={Towards targeted combinatorial therapy design for the treatment of castration-resistant prostate cancer},
  author={Arshad, Osama Ali and Datta, Aniruddha},
  journal={BMC bioinformatics},
  volume={18},
  number={4},
  pages={5--15},
  year={2017},
  publisher={BioMed Central}
}
