@article{bbm-229,
  title={Boolean calcium signalling model predicts calcium role in acceleration and stability of abscisic acid-mediated stomatal closure},
  author={Waidyarathne, Pramuditha and Samarasinghe, Sandhya},
  journal={Scientific reports},
  volume={8},
  number={1},
  pages={17635},
  year={2018},
  publisher={Nature Publishing Group UK London}
}