@article{bbm-198,
  title={Segmenting the fly embryo:: a logical analysis of the pair-rule cross-regulatory module},
  author={Sanchez, Lucas and Thieffry, Denis},
  journal={Journal of theoretical Biology},
  volume={224},
  number={4},
  pages={517--537},
  year={2003},
  publisher={Elsevier}
}
