@article{bbm-138,
  title={Rapid community-driven development of a SARS-CoV-2 tissue simulator},
  author={Getz, Michael and Wang, Yafei and An, Gary and Becker, Andrew and Cockrell, Chase and Collier, Nicholson and Craig, Morgan and Davis, Courtney L and Faeder, James and Versypt, Ashlee N Ford and others},
  journal={BioRxiv},
  year={2020},
  publisher={Cold Spring Harbor Laboratory Preprints}
}