@article{bbm-135,
  title={State--time spectrum of signal transduction logic models},
  author={MacNamara, Aidan and Terfve, Camille and Henriques, David and Bernab{\'e}, Beatriz Pe{\~n}alver and Saez-Rodriguez, Julio},
  journal={Physical biology},
  volume={9},
  number={4},
  pages={045003},
  year={2012},
  publisher={IOP Publishing}
}
