@article{bbm-137,
  title={CellNOptR: a flexible toolkit to train protein signaling networks to data using multiple logic formalisms},
  author={Terfve, Camille and Cokelaer, Thomas and Henriques, David and MacNamara, Aidan and Goncalves, Emanuel and Morris, Melody K and Iersel, Martijn van and Lauffenburger, Douglas A and Saez-Rodriguez, Julio},
  journal={BMC systems biology},
  volume={6},
  number={1},
  pages={1--14},
  year={2012},
  publisher={BioMed Central}
}
