@article{bbm-141,
  title={Phosphoproteomic analyses reveal novel cross-modulation mechanisms between two signaling pathways in yeast},
  author={Vaga, Stefania and Bernardo-Faura, Marti and Cokelaer, Thomas and Maiolica, Alessio and Barnes, Christopher A and Gillet, Ludovic C and Hegemann, Bj{\"o}rn and van Drogen, Frank and Sharifian, Hoda and Klipp, Edda and others},
  journal={Molecular systems biology},
  volume={10},
  number={12},
  pages={767},
  year={2014}
}
