@article{bbm-148,
  title={Discovery of drug synergies in gastric cancer cells predicted by logical modeling},
  author={Flobak, {\AA}smund and Baudot, Ana{\"\i}s and Remy, Elisabeth and Thommesen, Liv and Thieffry, Denis and Kuiper, Martin and L{\ae}greid, Astrid},
  journal={PLoS computational biology},
  volume={11},
  number={8},
  pages={e1004426},
  year={2015},
  publisher={Public Library of Science San Francisco, CA USA}
}
