@article{bbm-174,
  title={Network Modeling of TGF$\beta$ Signaling in Hepatocellular Carcinoma Epithelial-to-Mesenchymal Transition Reveals Joint Sonic Hedgehog and Wnt Pathway ActivationNetwork Modeling of Epithelial-to-Mesenchymal Transition},
  author={Steinway, Steven Nathaniel and Za{\~n}udo, Jorge GT and Ding, Wei and Rountree, Carl Bart and Feith, David J and Loughran, Thomas P and Albert, Reka},
  journal={Cancer research},
  volume={74},
  number={21},
  pages={5963--5977},
  year={2014},
  publisher={AACR}
}