@article{bbm-182,
  title={Logical model specification aided by model-checking techniques: application to the mammalian cell cycle regulation},
  author={Traynard, Pauline and Faur{\'e}, Adrien and Fages, Fran{\c{c}}ois and Thieffry, Denis},
  journal={Bioinformatics},
  volume={32},
  number={17},
  pages={i772--i780},
  year={2016},
  publisher={Oxford University Press}
}
