@article{bbm-052,
  title={An extended, Boolean model of the Septation Initiation Network in S. pombe provides insights into its regulation},
  author={Chasapi, Anastasia and Wachowicz, Paulina and Niknejad, Anne and Collin, Philippe and Krapp, Andrea and Cano, Elena and Simanis, Viesturs and Xenarios, Ioannis},
  journal={PloS one},
  volume={10},
  number={8},
  pages={e0134214},
  year={2015},
  publisher={Public Library of Science San Francisco, CA USA}
}