@article{ryll2014model,
  title={A model integration approach linking signalling and gene-regulatory logic with kinetic metabolic models},
  author={Ryll, Anke and Bucher, Joachim and Bonin, Anne and Bongard, Sophia and Gon{\c{c}}alves, E and Saez-Rodriguez, Julio and Niklas, Jens and Klamt, Steffen},
  journal={Biosystems},
  volume={124},
  pages={26--38},
  year={2014},
  publisher={Elsevier}
}