@article{bbm-189,
  title={Qualitative modelling of regulated metabolic pathways: application to the tryptophan biosynthesis in E. coli},
  author={Simao, E and Remy, Elisabeth and Thieffry, Denis and Chaouiya, Claudine},
  journal={Bioinformatics},
  volume={21},
  number={suppl\_2},
  pages={ii190--ii196},
  year={2005},
  publisher={Oxford University Press}
}
