@article{bbm-193,
  title={Modelling the onset of senescence at the G1/S cell cycle checkpoint},
  author={Mombach, Jos{\'e} and Bugs, Cristhian A and Chaouiya, Claudine},
  journal={BMC genomics},
  volume={15},
  number={7},
  pages={1--11},
  year={2014},
  publisher={BioMed Central}
}
