@article{bbm-096,
  title={Segmental arterial mediolysis accompanied by renal infarction and pancreatic enlargement: a case report},
  author={Ito, Nobuhisa and Kuwahara, Go and Sukehiro, Yuta and Teratani, Hiromitsu},
  journal={Journal of Medical Case Reports},
  volume={6},
  number={1},
  pages={1--5},
  year={2012},
  publisher={Springer}
}
