@article{bbm-105,
  title={Model-driven discovery of calcium-related protein-phosphatase inhibition in plant guard cell signaling},
  author={Maheshwari, Parul and Du, Hao and Sheen, Jen and Assmann, Sarah M and Albert, Reka},
  journal={PLoS computational biology},
  volume={15},
  number={10},
  pages={e1007429},
  year={2019},
  publisher={Public Library of Science San Francisco, CA USA}
}