@article{bbm-003,
  title={Modeling ERBB receptor-regulated G1/S transition to find novel targets for de novo trastuzumab resistance},
  author={Sahin, {\"O}zg{\"u}r and Fr{\"o}hlich, Holger and L{\"o}bke, Christian and Korf, Ulrike and Burmester, Sara and Majety, Meher and Mattern, Jens and Schupp, Ingo and Chaouiya, Claudine and Thieffry, Denis and others},
  journal={BMC systems biology},
  volume={3},
  number={1},
  pages={1--20},
  year={2009},
  publisher={BioMed Central}
}