@article{bbm-186,
  title={Logical modelling uncovers developmental constraints for primary sex determination of chicken gonads},
  author={S{\'a}nchez, Lucas and Chaouiya, Claudine},
  journal={Journal of The Royal Society Interface},
  volume={15},
  number={142},
  pages={20180165},
  year={2018},
  publisher={The Royal Society}
}
